<?xml version="1.0" encoding="UTF-8"?><collection xmlns="http://www.loc.gov/MARC21/slim"><record><leader>00506nam--2200133-i-4500</leader><controlfield tag="001">000019120</controlfield><controlfield tag="002">20161230</controlfield><controlfield tag="005">20161230201033</controlfield><controlfield tag="008">060222s1000------------r-----000-0-eng-d</controlfield><datafield ind1=" " ind2=" " tag="080"><subfield code="a">621.039:378</subfield></datafield><datafield ind1=" " ind2=" " tag="245"><subfield code="a">Enseignement des sciences nucleaires.rapport d un groupe d etude de l enseignement des sciences nucleaires organise conjointement par l a.i.e.a., et l u.n.e.s.c.o. a bangkok, du 15 au 23 juillet 1968</subfield></datafield><datafield ind1=" " ind2=" " tag="260"><subfield code="a">Vienna, A.I.E.A., 1969. 23 P</subfield></datafield><datafield ind1=" " ind2=" " tag="490"><subfield code="a">Collection Rapports Techniques</subfield></datafield><datafield ind1=" " ind2=" " tag="852"><subfield code="a">1875</subfield></datafield></record></collection>